
@inproceedings{fuhrmann2014mve,
  title={MVE-A Multi-View Reconstruction Environment},
  author={Fuhrmann, Simon and Langguth, Fabian and Goesele, Michael},
  booktitle={Eurographics Workshop on Graphics and Cultural Heritage},
  pages={11--18},
  year={2014},
  organization={The Eurographics Association}
}

@book{hake1994kartographie,
  title={Kartographie: Visualisierung raum-zeitlicher Informationen},
  author={Hake, G{\"u}nter and Gr{\"u}nreich, Dietmar and Meng, Liqiu},
  pages={306ff},
  year={1994},
  publisher={Walter de Gruyter}
}

@book{bartelme1995geoinformatik,
  title={Geoinformatik Modelle Strukturen Funktionen 4. Auflage},
  author={Bartelme, Norbert},
  pages={103},
  year={1995},
  publisher={Springer}
}